{
  "leader": "03390cam a2200577 a 4500",
  "fields": [
    {
      "001": "ocm02031561\\"
    },
    {
      "003": "OCoLC"
    },
    {
      "005": "20220630142727.0"
    },
    {
      "008": "760304s1922\\\\\\\\ohufh\\\\\\\\b\\\\\\\\001\\0\\eng\\\\"
    },
    {
      "010": {
        "ind1": "\\",
        "ind2": "\\",
        "subfields": [
          {
            "a": "   22011924 "
          }
        ]
      }
    },
    {
      "040": {
        "ind1": "\\",
        "ind2": "\\",
        "subfields": [
          {
            "a": "DLC"
          },
          {
            "b": "eng"
          },
          {
            "c": "UTL"
          },
          {
            "d": "OCL"
          },
          {
            "d": "SLU"
          },
          {
            "d": "OCLCQ"
          },
          {
            "d": "OCLCG"
          },
          {
            "d": "RCJ"
          },
          {
            "d": "KRTAS"
          },
          {
            "d": "OCLCQ"
          },
          {
            "d": "OCLCO"
          },
          {
            "d": "OCLCF"
          },
          {
            "d": "OCLCA"
          },
          {
            "d": "OCL"
          },
          {
            "d": "OCLCQ"
          },
          {
            "d": "TJC"
          },
          {
            "d": "EYM"
          },
          {
            "d": "OCLCO"
          },
          {
            "d": "KSU"
          },
          {
            "d": "OCLCQ"
          }
        ]
      }
    },
    {
      "035": {
        "ind1": "\\",
        "ind2": "\\",
        "subfields": [
          {
            "a": "(OCoLC)2031561"
          }
        ]
      }
    },
    {
      "043": {
        "ind1": "\\",
        "ind2": "\\",
        "subfields": [
          {
            "a": "n-us-oh"
          }
        ]
      }
    },
    {
      "050": {
        "ind1": "\\",
        "ind2": "4",
        "subfields": [
          {
            "a": "KFX1307"
          },
          {
            "b": ".C54 1922"
          }
        ]
      }
    },
    {
      "055": {
        "ind1": "\\",
        "ind2": "3",
        "subfields": [
          {
            "a": "KF9223"
          },
          {
            "b": ".C75 1922"
          }
        ]
      }
    },
    {
      "082": {
        "ind1": "0",
        "ind2": "4",
        "subfields": [
          {
            "a": "309.1"
          },
          {
            "b": "CRI"
          }
        ]
      }
    },
    {
      "245": {
        "ind1": "0",
        "ind2": "0",
        "subfields": [
          {
            "a": "Criminal justice in Cleveland :"
          },
          {
            "b": "reports of the Cleveland Foundation survey of the administration of criminal justice in Cleveland, Ohio /"
          },
          {
            "c": "by Raymond Fosdick [and others] ; directed and edited by Roscoe Pound and Felix Frankfurter."
          }
        ]
      }
    },
    {
      "246": {
        "ind1": "3",
        "ind2": "\\",
        "subfields": [
          {
            "a": "Cleveland Foundation survey of the administration of criminal justice in Cleveland, Ohio"
          }
        ]
      }
    },
    {
      "260": {
        "ind1": "\\",
        "ind2": "\\",
        "subfields": [
          {
            "a": "Cleveland, Ohio :"
          },
          {
            "b": "The Cleveland Foundation,"
          },
          {
            "c": "\u00a91922."
          }
        ]
      }
    },
    {
      "300": {
        "ind1": "\\",
        "ind2": "\\",
        "subfields": [
          {
            "a": "xxvii, 729 pages, 13 unnumbered leaves of plates :"
          },
          {
            "b": "facsimiles, diagrams ;"
          },
          {
            "c": "24 cm"
          }
        ]
      }
    },
    {
      "336": {
        "ind1": "\\",
        "ind2": "\\",
        "subfields": [
          {
            "a": "text"
          },
          {
            "b": "txt"
          },
          {
            "2": "rdacontent"
          }
        ]
      }
    },
    {
      "337": {
        "ind1": "\\",
        "ind2": "\\",
        "subfields": [
          {
            "a": "unmediated"
          },
          {
            "b": "n"
          },
          {
            "2": "rdamedia"
          }
        ]
      }
    },
    {
      "338": {
        "ind1": "\\",
        "ind2": "\\",
        "subfields": [
          {
            "a": "volume"
          },
          {
            "b": "nc"
          },
          {
            "2": "rdacarrier"
          }
        ]
      }
    },
    {
      "500": {
        "ind1": "\\",
        "ind2": "\\",
        "subfields": [
          {
            "a": "Each of the eight sections of the Reports is also published separately."
          }
        ]
      }
    },
    {
      "504": {
        "ind1": "\\",
        "ind2": "\\",
        "subfields": [
          {
            "a": "Includes bibliographical references (pages 708-714) and index."
          }
        ]
      }
    },
    {
      "505": {
        "ind1": "0",
        "ind2": "\\",
        "subfields": [
          {
            "a": "Police administration / by R.B. Fosdick -- Prosecution / by A. Bettman, assisted by H.F. Burns -- The criminal courts / by R.H. Smith and H.B. Ehrmann -- Correctional and penal treatment / by B.G. Lewis -- Medical science and criminal justice / by H.M. Adler -- Legal education in Cleveland / by A.M. Kales -- Newspapers and criminal justice / by M.K. Wisehart -- Criminal justice and the American city / by R. Pound -- Appendices."
          }
        ]
      }
    },
    {
      "650": {
        "ind1": "\\",
        "ind2": "0",
        "subfields": [
          {
            "a": "Criminal procedure"
          },
          {
            "z": "Ohio"
          },
          {
            "z": "Cleveland."
          }
        ]
      }
    },
    {
      "650": {
        "ind1": "\\",
        "ind2": "0",
        "subfields": [
          {
            "a": "Courts"
          },
          {
            "z": "Ohio"
          },
          {
            "z": "Cleveland."
          }
        ]
      }
    },
    {
      "650": {
        "ind1": "\\",
        "ind2": "0",
        "subfields": [
          {
            "a": "Justice, Administration of"
          },
          {
            "z": "Ohio"
          },
          {
            "z": "Cleveland."
          }
        ]
      }
    },
    {
      "650": {
        "ind1": "\\",
        "ind2": "0",
        "subfields": [
          {
            "a": "Justice, Administration of"
          },
          {
            "z": "United States."
          }
        ]
      }
    },
    {
      "650": {
        "ind1": "\\",
        "ind2": "7",
        "subfields": [
          {
            "a": "Courts."
          },
          {
            "2": "fast"
          },
          {
            "0": "(OCoLC)fst00881747"
          }
        ]
      }
    },
    {
      "650": {
        "ind1": "\\",
        "ind2": "7",
        "subfields": [
          {
            "a": "Criminal procedure."
          },
          {
            "2": "fast"
          },
          {
            "0": "(OCoLC)fst00883421"
          }
        ]
      }
    },
    {
      "650": {
        "ind1": "\\",
        "ind2": "7",
        "subfields": [
          {
            "a": "Justice, Administration of."
          },
          {
            "2": "fast"
          },
          {
            "0": "(OCoLC)fst00985154"
          }
        ]
      }
    },
    {
      "651": {
        "ind1": "\\",
        "ind2": "7",
        "subfields": [
          {
            "a": "Ohio"
          },
          {
            "z": "Cleveland."
          },
          {
            "2": "fast"
          },
          {
            "0": "(OCoLC)fst01205966"
          }
        ]
      }
    },
    {
      "651": {
        "ind1": "\\",
        "ind2": "7",
        "subfields": [
          {
            "a": "United States."
          },
          {
            "2": "fast"
          },
          {
            "0": "(OCoLC)fst01204155"
          }
        ]
      }
    },
    {
      "700": {
        "ind1": "1",
        "ind2": "\\",
        "subfields": [
          {
            "a": "Frankfurter, Felix,"
          },
          {
            "d": "1882-1965."
          }
        ]
      }
    },
    {
      "700": {
        "ind1": "1",
        "ind2": "2",
        "subfields": [
          {
            "a": "Pound, Roscoe,"
          },
          {
            "d": "1870-1964."
          },
          {
            "t": "Criminal justice and the American city."
          }
        ]
      }
    },
    {
      "700": {
        "ind1": "1",
        "ind2": "2",
        "subfields": [
          {
            "a": "Fosdick, Raymond B."
          },
          {
            "q": "(Raymond Blaine),"
          },
          {
            "d": "1883-1972."
          },
          {
            "t": "Police administration."
          }
        ]
      }
    },
    {
      "700": {
        "ind1": "1",
        "ind2": "2",
        "subfields": [
          {
            "a": "Smith, Reginald Heber,"
          },
          {
            "d": "1889-1966."
          },
          {
            "t": "Criminal courts."
          }
        ]
      }
    },
    {
      "700": {
        "ind1": "1",
        "ind2": "2",
        "subfields": [
          {
            "a": "Ehrmann, Herbert B."
          },
          {
            "q": "(Herbert Brutus),"
          },
          {
            "d": "1891-1970."
          },
          {
            "t": "Criminal courts."
          }
        ]
      }
    },
    {
      "700": {
        "ind1": "1",
        "ind2": "2",
        "subfields": [
          {
            "a": "Bettman, Alfred,"
          },
          {
            "d": "1873-1945."
          },
          {
            "t": "Prosecution."
          }
        ]
      }
    },
    {
      "700": {
        "ind1": "1",
        "ind2": "2",
        "subfields": [
          {
            "a": "Burns, Howard F."
          },
          {
            "q": "(Howard Fletcher),"
          },
          {
            "d": "1888-1968."
          },
          {
            "t": "Prosecution."
          }
        ]
      }
    },
    {
      "700": {
        "ind1": "1",
        "ind2": "2",
        "subfields": [
          {
            "a": "Lewis, Burdette G."
          },
          {
            "q": "(Burdette Gibson),"
          },
          {
            "d": "1882-"
          },
          {
            "t": "Correctional and penal treatment."
          }
        ]
      }
    },
    {
      "700": {
        "ind1": "1",
        "ind2": "2",
        "subfields": [
          {
            "a": "Adler, Herman M."
          },
          {
            "q": "(Herman Morris),"
          },
          {
            "d": "1876-1935."
          },
          {
            "t": "Medical science and criminal justice."
          }
        ]
      }
    },
    {
      "700": {
        "ind1": "1",
        "ind2": "2",
        "subfields": [
          {
            "a": "Kales, Albert Martin,"
          },
          {
            "d": "1875-1922."
          },
          {
            "t": "Legal education in Cleveland."
          }
        ]
      }
    },
    {
      "700": {
        "ind1": "1",
        "ind2": "2",
        "subfields": [
          {
            "a": "Wisehart, M. K."
          },
          {
            "q": "(Marion Karl),"
          },
          {
            "d": "1889-"
          },
          {
            "t": "Newspapers and criminal justice."
          }
        ]
      }
    },
    {
      "710": {
        "ind1": "2",
        "ind2": "\\",
        "subfields": [
          {
            "a": "Cleveland Foundation."
          }
        ]
      }
    },
    {
      "776": {
        "ind1": "0",
        "ind2": "8",
        "subfields": [
          {
            "i": "Online version:"
          },
          {
            "t": "Criminal justice in Cleveland."
          },
          {
            "d": "Cleveland, Ohio : The Foundation, \u00a91922"
          },
          {
            "w": "(OCoLC)647508378"
          }
        ]
      }
    },
    {
      "994": {
        "ind1": "\\",
        "ind2": "\\",
        "subfields": [
          {
            "a": "Z0"
          },
          {
            "b": "NYRVC"
          }
        ]
      }
    },
    {
      "948": {
        "ind1": "\\",
        "ind2": "\\",
        "subfields": [
          {
            "h": "NO HOLDINGS IN NYRVC - 146 OTHER HOLDINGS"
          }
        ]
      }
    },
    {
      "999": {
        "ind1": "\\",
        "ind2": "\\",
        "subfields": [
          {
            "a": "No barcode."
          }
        ]
      }
    }
  ]
}